
@article{maini2021dataset,
	title={Dataset inference: Ownership resolution in machine learning},
	author={Maini, Pratyush and Yaghini, Mohammad and Papernot, Nicolas},
	journal={arXiv preprint arXiv:2104.10706},
	year={2021}
}

@inproceedings{cao2021ipguard,
	title={IPGuard: Protecting intellectual property of deep neural networks via fingerprinting the classification boundary},
	author={Cao, Xiaoyu and Jia, Jinyuan and Gong, Neil Zhenqiang},
	booktitle={Proceedings of the 2021 ACM Asia Conference on Computer and Communications Security},
	pages={14--25},
	year={2021}
}

@article{goodfellow2014explaining,
	title={Explaining and harnessing adversarial examples},
	author={Goodfellow, Ian J and Shlens, Jonathon and Szegedy, Christian},
	journal={arXiv preprint arXiv:1412.6572},
	year={2014}
}

@inproceedings{carlini2017towards,
	title={Towards evaluating the robustness of neural networks},
	author={Carlini, Nicholas and Wagner, David},
	booktitle={2017 ieee symposium on security and privacy (sp)},
	pages={39--57},
	year={2017},
	organization={Ieee}
}

@article{radford2015unsupervised,
	title={Unsupervised representation learning with deep convolutional generative adversarial networks},
	author={Radford, Alec and Metz, Luke and Chintala, Soumith},
	journal={arXiv preprint arXiv:1511.06434},
	year={2015}
}

@article{fan2019rethinking,
	title={Rethinking deep neural network ownership verification: Embedding passports to defeat ambiguity attacks},
	author={Fan, Lixin and Ng, Kam Woh and Chan, Chee Seng},
	journal={Advances in neural information processing systems},
	volume={32},
	year={2019}
}

@inproceedings{lao2022deepauth,
	title={Deepauth: A dnn authentication framework by model-unique and fragile signature embedding},
	author={Lao, Yingjie and Zhao, Weijie and Yang, Peng and Li, Ping},
	booktitle={Proceedings of the AAAI Conference on Artificial Intelligence},
	volume={36},
	number={9},
	pages={9595--9603},
	year={2022}
}